<?xml version="1.0" encoding="UTF-8"?><collection xmlns="http://www.loc.gov/MARC21/slim"><record><leader>00478nam--2200193-i-4500</leader><controlfield tag="001">000009948</controlfield><controlfield tag="002">20161230</controlfield><controlfield tag="005">20170107163008</controlfield><controlfield tag="008">060222s1000------------r-----000-0-hun-d</controlfield><datafield ind1=" " ind2=" " tag="040"><subfield code="a">IFIN-HH</subfield></datafield><datafield ind1=" " ind2=" " tag="041"><subfield code="a">hun</subfield></datafield><datafield ind1=" " ind2=" " tag="080"><subfield code="a">539.125.5</subfield></datafield><datafield ind1="1" ind2=" " tag="100"><subfield code="a">Kiss, Dezs¿</subfield></datafield><datafield ind1="1" ind2="0" tag="245"><subfield code="a">Neutronfizika</subfield><subfield code="c">Kiss Dezs¿, Quittner P©Łl</subfield></datafield><datafield ind1=" " ind2=" " tag="260"><subfield code="a">Budapest</subfield><subfield code="b">Akad©♭miai Kiad©đ</subfield><subfield code="c">1971</subfield></datafield><datafield ind1=" " ind2=" " tag="300"><subfield code="a">1031 p</subfield></datafield><datafield ind1="1" ind2=" " tag="700"><subfield code="a">Quittner, P©Łl</subfield></datafield><datafield ind1=" " ind2=" " tag="852"><subfield code="a">35914</subfield><subfield code="c">539.17</subfield></datafield><datafield ind1=" " ind2=" " tag="CAT"><subfield code="a">SYS</subfield><subfield code="c">20170107</subfield><subfield code="h">163008</subfield></datafield></record></collection>